<?xml version="1.0" encoding="UTF-8"?><collection xmlns="http://www.loc.gov/MARC21/slim"><record><leader>00325nam--2200133-i-4500</leader><controlfield tag="001">000049988</controlfield><controlfield tag="002">20161230</controlfield><controlfield tag="005">20161230201047</controlfield><controlfield tag="008">060222s1000------------r-----000-0-eng-d</controlfield><datafield ind1=" " ind2=" " tag="080"><subfield code="a">538.9=03.20=82</subfield></datafield><datafield ind1=" " ind2=" " tag="100"><subfield code="a">Ashkroft, N. I Mermin, N</subfield></datafield><datafield ind1=" " ind2=" " tag="245"><subfield code="a">Fizika tverdovo tela</subfield></datafield><datafield ind1=" " ind2=" " tag="260"><subfield code="a">Moskva, Izd. Mir, 1979, 400s</subfield></datafield><datafield ind1=" " ind2=" " tag="852"><subfield code="a">48720</subfield></datafield></record></collection>